% This file was created with JabRef 2.9.2.
% Encoding: Cp1252

@BOOK{eco,
  title = {Wie man eine wissenschaftliche Abschlußarbeit schreibt},
  publisher = {C. F. Müller},
  year = {2010},
  author = {Umberto Eco},
  pages = {270},
  address = {Heidelberg},
  edition = {13. Aufl.},
  language = {Deutsch},
  timestamp = {2013.07.04}
}

@BOOK{kara,
  title = {Die Gestaltung wissenschaftlicher Arbeiten},
  publisher = {WUV Universitätsverlag},
  year = {2012},
  author = {Matthias Karmasin and Rainer Ribing},
  pages = {166},
  address = {Wien},
  edition = {7. Aufl.},
  language = {Deutsch},
  timestamp = {2013.07.04}
}

@BOOK{kornmeier,
  title = {Wissenschaftlich schreiben leicht gemacht},
  publisher = {Haupt},
  year = {2012},
  author = {Martin Kornmeier},
  pages = {336},
  address = {Bern (u.a.)},
  edition = {5. Aufl.},
  language = {Deutsch},
  timestamp = {2013.07.04}
}

@BOOK{kraemer,
  title = {Wie schreibe ich eine Seminar- oder Examensarbeit?},
  publisher = {Campus-Verlag},
  year = {2009},
  author = {Walter Krämer},
  pages = {189},
  address = {Frankfurt  am Main (u.a.)},
  edition = {3. Aufl.},
  month = {September},
  language = {Deutsch},
  timestamp = {2013.07.04}
}

@BOOK{stengel,
  title = {Vorsicht, Denkfehler!},
  publisher = {Uni-Edition},
  year = {2005},
  author = {Oliver Stengel},
  pages = {133},
  address = {Berlin},
  language = {Deutsch},
  timestamp = {2013.07.04}
}

@online{Dean2012,
	Author = {Dean, Jeff},
	Date-Added = {2012-03-05 11:28:31 +0000},
	Date-Modified = {2012-03-05 11:36:17 +0000},
	Keywords = {Google, ULS},
	Lastchecked = {05.03.2012},
	Title = {Software Engineering Advice from Building Large-Scale Distributes Systems},
	Url = {http://static.googleusercontent.com/external_content/untrusted_dlcp/research.google.com/de/people/jeff/stanford-295-talk.pdf},
	Urldate = {2012-03-05},
	Year = {2012},
}
