% This file was created with JabRef 2.10.
% Encoding: UTF-8


@Article{Nohr-Westphal2009,
  Title                    = {Konfokale Laserscanningmikroskopie von Urothel},
  Author                   = {Nohr-Westphal, C.
and Stachs, O.
and Kr{\"o}ger, M.
and Kram, W.
and Guthoff, R.
and Hakenberg, O.W.},
  Journal                  = {Der Urologe},
  Year                     = {2009},

  Month                    = {Sep},
  Number                   = {9},
  Pages                    = {1025--1031},
  Volume                   = {48},

  Abstract                 = {Eine Verbesserung der optischen Detektion fl{\"a}chenhafter Urothelkarzinome ist potentiell von klinischem Interesse, wenn sie eine bessere Erkennung zu biopsierender Areale erlaubt. Wir untersuchten dazu in einer Pilotstudie die Anwendung hochaufl{\"o}sender optischer Systeme mit zellul{\"a}rer Lasermikroskopie, welche die Beurteilung einzelner Zellen im Epithelverband erlaubt.},
  Day                      = {01},
  Doi                      = {10.1007/s00120-009-2078-1},
  ISSN                     = {1433-0563},
  Url                      = {https://doi.org/10.1007/s00120-009-2078-1}
}

